%YAML 1.1
%TAG !u! tag:unity3d.com,2011:
--- !u!1 &2548811908141624442
GameObject:
  m_ObjectHideFlags: 0
  m_CorrespondingSourceObject: {fileID: 0}
  m_PrefabInstance: {fileID: 0}
  m_PrefabAsset: {fileID: 0}
  serializedVersion: 6
  m_Component:
  - component: {fileID: 2548811908141985882}
  - component: {fileID: 2548811908142788730}
  - component: {fileID: 2548811908143887034}
  m_Layer: 0
  m_Name: Flagpole
  m_TagString: Untagged
  m_Icon: {fileID: 0}
  m_NavMeshLayer: 0
  m_StaticEditorFlags: 0
  m_IsActive: 1
--- !u!4 &2548811908141985882
Transform:
  m_ObjectHideFlags: 0
  m_CorrespondingSourceObject: {fileID: 0}
  m_PrefabInstance: {fileID: 0}
  m_PrefabAsset: {fileID: 0}
  m_GameObject: {fileID: 2548811908141624442}
  m_LocalRotation: {x: -0.7071068, y: 0, z: -0, w: 0.7071068}
  m_LocalPosition: {x: 0, y: 0, z: 0}
  m_LocalScale: {x: 1, y: 1, z: 1}
  m_Children: []
  m_Father: {fileID: 2548811908141985884}
  m_RootOrder: 1
  m_LocalEulerAnglesHint: {x: 0, y: 0, z: 0}
--- !u!33 &2548811908142788730
MeshFilter:
  m_ObjectHideFlags: 0
  m_CorrespondingSourceObject: {fileID: 0}
  m_PrefabInstance: {fileID: 0}
  m_PrefabAsset: {fileID: 0}
  m_GameObject: {fileID: 2548811908141624442}
  m_Mesh: {fileID: 4300000, guid: 306e549a4957515479e25e38a660ac3c, type: 3}
--- !u!23 &2548811908143887034
MeshRenderer:
  m_ObjectHideFlags: 0
  m_CorrespondingSourceObject: {fileID: 0}
  m_PrefabInstance: {fileID: 0}
  m_PrefabAsset: {fileID: 0}
  m_GameObject: {fileID: 2548811908141624442}
  m_Enabled: 1
  m_CastShadows: 1
  m_ReceiveShadows: 1
  m_DynamicOccludee: 1
  m_MotionVectors: 1
  m_LightProbeUsage: 1
  m_ReflectionProbeUsage: 1
  m_RenderingLayerMask: 1
  m_RendererPriority: 0
  m_Materials:
  - {fileID: 2100000, guid: 3330f012bc0c4d14bb0a88e6560f3e00, type: 2}
  m_StaticBatchInfo:
    firstSubMesh: 0
    subMeshCount: 0
  m_StaticBatchRoot: {fileID: 0}
  m_ProbeAnchor: {fileID: 0}
  m_LightProbeVolumeOverride: {fileID: 0}
  m_ScaleInLightmap: 1
  m_PreserveUVs: 0
  m_IgnoreNormalsForChartDetection: 0
  m_ImportantGI: 0
  m_StitchLightmapSeams: 0
  m_SelectedEditorRenderState: 3
  m_MinimumChartSize: 4
  m_AutoUVMaxDistance: 0.5
  m_AutoUVMaxAngle: 89
  m_LightmapParameters: {fileID: 0}
  m_SortingLayerID: 0
  m_SortingLayer: 0
  m_SortingOrder: 0
--- !u!1 &2548811908141624444
GameObject:
  m_ObjectHideFlags: 0
  m_CorrespondingSourceObject: {fileID: 0}
  m_PrefabInstance: {fileID: 0}
  m_PrefabAsset: {fileID: 0}
  serializedVersion: 6
  m_Component:
  - component: {fileID: 2548811908141985884}
  m_Layer: 0
  m_Name: LungdaFlag (1)
  m_TagString: Untagged
  m_Icon: {fileID: 0}
  m_NavMeshLayer: 0
  m_StaticEditorFlags: 0
  m_IsActive: 1
--- !u!4 &2548811908141985884
Transform:
  m_ObjectHideFlags: 0
  m_CorrespondingSourceObject: {fileID: 0}
  m_PrefabInstance: {fileID: 0}
  m_PrefabAsset: {fileID: 0}
  m_GameObject: {fileID: 2548811908141624444}
  m_LocalRotation: {x: 0, y: 0, z: 0, w: 1}
  m_LocalPosition: {x: 99.38, y: 57.06, z: 95.661095}
  m_LocalScale: {x: 1, y: 1, z: 1}
  m_Children:
  - {fileID: 7917569062164988786}
  - {fileID: 2548811908141985882}
  m_Father: {fileID: 0}
  m_RootOrder: 0
  m_LocalEulerAnglesHint: {x: 0, y: 0, z: 0}
--- !u!1 &5104818690897920711
GameObject:
  m_ObjectHideFlags: 0
  m_CorrespondingSourceObject: {fileID: 0}
  m_PrefabInstance: {fileID: 0}
  m_PrefabAsset: {fileID: 0}
  serializedVersion: 6
  m_Component:
  - component: {fileID: 7917569062164988786}
  - component: {fileID: 1438187859069778047}
  - component: {fileID: 536252560488253779}
  m_Layer: 0
  m_Name: Cloth (1)
  m_TagString: Untagged
  m_Icon: {fileID: 0}
  m_NavMeshLayer: 0
  m_StaticEditorFlags: 0
  m_IsActive: 1
--- !u!4 &7917569062164988786
Transform:
  m_ObjectHideFlags: 0
  m_CorrespondingSourceObject: {fileID: 0}
  m_PrefabInstance: {fileID: 0}
  m_PrefabAsset: {fileID: 0}
  m_GameObject: {fileID: 5104818690897920711}
  m_LocalRotation: {x: 0, y: 0, z: 0.7071068, w: 0.7071068}
  m_LocalPosition: {x: -0.013, y: 3.528, z: -0.0092235}
  m_LocalScale: {x: 0.85973126, y: 0.85973126, z: 0.8597314}
  m_Children: []
  m_Father: {fileID: 2548811908141985884}
  m_RootOrder: 0
  m_LocalEulerAnglesHint: {x: 0, y: 0, z: 90}
--- !u!183 &1438187859069778047
Cloth:
  m_ObjectHideFlags: 0
  m_CorrespondingSourceObject: {fileID: 0}
  m_PrefabInstance: {fileID: 0}
  m_PrefabAsset: {fileID: 0}
  m_GameObject: {fileID: 5104818690897920711}
  m_Enabled: 1
  m_StretchingStiffness: 1
  m_BendingStiffness: 0
  m_UseTethers: 1
  m_UseGravity: 1
  m_Damping: 0
  m_ExternalAcceleration: {x: -3, y: 0, z: 3.5}
  m_RandomAcceleration: {x: 3, y: 0, z: 2}
  m_WorldVelocityScale: 0.5
  m_WorldAccelerationScale: 1
  m_Friction: 0.5
  m_CollisionMassScale: 0
  m_UseContinuousCollision: 1
  m_UseVirtualParticles: 1
  m_SolverFrequency: 120
  m_SleepThreshold: 0.1
  m_Coefficients:
  - maxDistance: 3.4028235e+38
    collisionSphereDistance: 3.4028235e+38
  - maxDistance: 3.4028235e+38
    collisionSphereDistance: 3.4028235e+38
  - maxDistance: 0
    collisionSphereDistance: 3.4028235e+38
  - maxDistance: 3.4028235e+38
    collisionSphereDistance: 3.4028235e+38
  - maxDistance: 3.4028235e+38
    collisionSphereDistance: 3.4028235e+38
  - maxDistance: 3.4028235e+38
    collisionSphereDistance: 3.4028235e+38
  - maxDistance: 3.4028235e+38
    collisionSphereDistance: 3.4028235e+38
  - maxDistance: 3.4028235e+38
    collisionSphereDistance: 3.4028235e+38
  - maxDistance: 3.4028235e+38
    collisionSphereDistance: 3.4028235e+38
  - maxDistance: 3.4028235e+38
    collisionSphereDistance: 3.4028235e+38
  - maxDistance: 3.4028235e+38
    collisionSphereDistance: 3.4028235e+38
  - maxDistance: 3.4028235e+38
    collisionSphereDistance: 3.4028235e+38
  - maxDistance: 3.4028235e+38
    collisionSphereDistance: 3.4028235e+38
  - maxDistance: 3.4028235e+38
    collisionSphereDistance: 3.4028235e+38
  - maxDistance: 3.4028235e+38
    collisionSphereDistance: 3.4028235e+38
  - maxDistance: 3.4028235e+38
    collisionSphereDistance: 3.4028235e+38
  - maxDistance: 3.4028235e+38
    collisionSphereDistance: 3.4028235e+38
  - maxDistance: 0
    collisionSphereDistance: 3.4028235e+38
  - maxDistance: 3.4028235e+38
    collisionSphereDistance: 3.4028235e+38
  - maxDistance: 3.4028235e+38
    collisionSphereDistance: 3.4028235e+38
  - maxDistance: 3.4028235e+38
    collisionSphereDistance: 3.4028235e+38
  - maxDistance: 3.4028235e+38
    collisionSphereDistance: 3.4028235e+38
  - maxDistance: 3.4028235e+38
    collisionSphereDistance: 3.4028235e+38
  - maxDistance: 3.4028235e+38
    collisionSphereDistance: 3.4028235e+38
  - maxDistance: 3.4028235e+38
    collisionSphereDistance: 3.4028235e+38
  - maxDistance: 3.4028235e+38
    collisionSphereDistance: 3.4028235e+38
  - maxDistance: 3.4028235e+38
    collisionSphereDistance: 3.4028235e+38
  - maxDistance: 3.4028235e+38
    collisionSphereDistance: 3.4028235e+38
  - maxDistance: 3.4028235e+38
    collisionSphereDistance: 3.4028235e+38
  - maxDistance: 3.4028235e+38
    collisionSphereDistance: 3.4028235e+38
  - maxDistance: 3.4028235e+38
    collisionSphereDistance: 3.4028235e+38
  - maxDistance: 3.4028235e+38
    collisionSphereDistance: 3.4028235e+38
  - maxDistance: 3.4028235e+38
    collisionSphereDistance: 3.4028235e+38
  - maxDistance: 3.4028235e+38
    collisionSphereDistance: 3.4028235e+38
  - maxDistance: 3.4028235e+38
    collisionSphereDistance: 3.4028235e+38
  - maxDistance: 3.4028235e+38
    collisionSphereDistance: 3.4028235e+38
  - maxDistance: 3.4028235e+38
    collisionSphereDistance: 3.4028235e+38
  - maxDistance: 3.4028235e+38
    collisionSphereDistance: 3.4028235e+38
  - maxDistance: 3.4028235e+38
    collisionSphereDistance: 3.4028235e+38
  - maxDistance: 3.4028235e+38
    collisionSphereDistance: 3.4028235e+38
  - maxDistance: 3.4028235e+38
    collisionSphereDistance: 3.4028235e+38
  - maxDistance: 3.4028235e+38
    collisionSphereDistance: 3.4028235e+38
  - maxDistance: 3.4028235e+38
    collisionSphereDistance: 3.4028235e+38
  - maxDistance: 3.4028235e+38
    collisionSphereDistance: 3.4028235e+38
  - maxDistance: 3.4028235e+38
    collisionSphereDistance: 3.4028235e+38
  - maxDistance: 3.4028235e+38
    collisionSphereDistance: 3.4028235e+38
  - maxDistance: 3.4028235e+38
    collisionSphereDistance: 3.4028235e+38
  - maxDistance: 3.4028235e+38
    collisionSphereDistance: 3.4028235e+38
  - maxDistance: 3.4028235e+38
    collisionSphereDistance: 3.4028235e+38
  - maxDistance: 3.4028235e+38
    collisionSphereDistance: 3.4028235e+38
  - maxDistance: 3.4028235e+38
    collisionSphereDistance: 3.4028235e+38
  - maxDistance: 3.4028235e+38
    collisionSphereDistance: 3.4028235e+38
  - maxDistance: 3.4028235e+38
    collisionSphereDistance: 3.4028235e+38
  - maxDistance: 3.4028235e+38
    collisionSphereDistance: 3.4028235e+38
  - maxDistance: 3.4028235e+38
    collisionSphereDistance: 3.4028235e+38
  - maxDistance: 3.4028235e+38
    collisionSphereDistance: 3.4028235e+38
  - maxDistance: 3.4028235e+38
    collisionSphereDistance: 3.4028235e+38
  - maxDistance: 3.4028235e+38
    collisionSphereDistance: 3.4028235e+38
  - maxDistance: 3.4028235e+38
    collisionSphereDistance: 3.4028235e+38
  - maxDistance: 3.4028235e+38
    collisionSphereDistance: 3.4028235e+38
  - maxDistance: 3.4028235e+38
    collisionSphereDistance: 3.4028235e+38
  - maxDistance: 3.4028235e+38
    collisionSphereDistance: 3.4028235e+38
  - maxDistance: 3.4028235e+38
    collisionSphereDistance: 3.4028235e+38
  - maxDistance: 3.4028235e+38
    collisionSphereDistance: 3.4028235e+38
  - maxDistance: 3.4028235e+38
    collisionSphereDistance: 3.4028235e+38
  - maxDistance: 3.4028235e+38
    collisionSphereDistance: 3.4028235e+38
  - maxDistance: 3.4028235e+38
    collisionSphereDistance: 3.4028235e+38
  - maxDistance: 3.4028235e+38
    collisionSphereDistance: 3.4028235e+38
  - maxDistance: 3.4028235e+38
    collisionSphereDistance: 3.4028235e+38
  - maxDistance: 3.4028235e+38
    collisionSphereDistance: 3.4028235e+38
  - maxDistance: 3.4028235e+38
    collisionSphereDistance: 3.4028235e+38
  - maxDistance: 3.4028235e+38
    collisionSphereDistance: 3.4028235e+38
  - maxDistance: 3.4028235e+38
    collisionSphereDistance: 3.4028235e+38
  - maxDistance: 3.4028235e+38
    collisionSphereDistance: 3.4028235e+38
  - maxDistance: 3.4028235e+38
    collisionSphereDistance: 3.4028235e+38
  - maxDistance: 3.4028235e+38
    collisionSphereDistance: 3.4028235e+38
  - maxDistance: 3.4028235e+38
    collisionSphereDistance: 3.4028235e+38
  - maxDistance: 3.4028235e+38
    collisionSphereDistance: 3.4028235e+38
  - maxDistance: 3.4028235e+38
    collisionSphereDistance: 3.4028235e+38
  - maxDistance: 3.4028235e+38
    collisionSphereDistance: 3.4028235e+38
  - maxDistance: 3.4028235e+38
    collisionSphereDistance: 3.4028235e+38
  m_CapsuleColliders:
  - {fileID: 0}
  m_SphereColliders:
  - first: {fileID: 0}
    second: {fileID: 0}
  m_SelfCollisionDistance: 0
  m_SelfCollisionStiffness: 1
  m_SelfAndInterCollisionIndices: 
  m_VirtualParticleWeights:
  - {x: 0.33333334, y: 0.33333334, z: 0.33333334}
  - {x: 0.6666667, y: 0.16666667, z: 0.16666667}
  - {x: 0.5, y: 0.5, z: 0}
  - {x: 0.33333334, y: 0.33333334, z: 0.33333334}
  - {x: 0.6666667, y: 0.16666667, z: 0.16666667}
  - {x: 0.5, y: 0.5, z: 0}
  m_VirtualParticleIndices: 
--- !u!137 &536252560488253779
SkinnedMeshRenderer:
  m_ObjectHideFlags: 0
  m_CorrespondingSourceObject: {fileID: 0}
  m_PrefabInstance: {fileID: 0}
  m_PrefabAsset: {fileID: 0}
  m_GameObject: {fileID: 5104818690897920711}
  m_Enabled: 1
  m_CastShadows: 1
  m_ReceiveShadows: 1
  m_DynamicOccludee: 1
  m_MotionVectors: 1
  m_LightProbeUsage: 1
  m_ReflectionProbeUsage: 1
  m_RenderingLayerMask: 1
  m_RendererPriority: 0
  m_Materials:
  - {fileID: 2100000, guid: 3fc772e65a98fbc41a93062a75ce5301, type: 2}
  m_StaticBatchInfo:
    firstSubMesh: 0
    subMeshCount: 0
  m_StaticBatchRoot: {fileID: 0}
  m_ProbeAnchor: {fileID: 0}
  m_LightProbeVolumeOverride: {fileID: 0}
  m_ScaleInLightmap: 1
  m_PreserveUVs: 0
  m_IgnoreNormalsForChartDetection: 0
  m_ImportantGI: 0
  m_StitchLightmapSeams: 0
  m_SelectedEditorRenderState: 3
  m_MinimumChartSize: 4
  m_AutoUVMaxDistance: 0.5
  m_AutoUVMaxAngle: 89
  m_LightmapParameters: {fileID: 0}
  m_SortingLayerID: 0
  m_SortingLayer: 0
  m_SortingOrder: 0
  serializedVersion: 2
  m_Quality: 0
  m_UpdateWhenOffscreen: 0
  m_SkinnedMotionVectors: 1
  m_Mesh: {fileID: 4300000, guid: ab3da903acaa8ed4fa923017e95870f5, type: 3}
  m_Bones: []
  m_BlendShapeWeights: []
  m_RootBone: {fileID: 0}
  m_AABB:
    m_Center: {x: 0, y: -1.2587585, z: 0.023635864}
    m_Extent: {x: 1.1631544, y: 1.2587646, z: 0.023374539}
  m_DirtyAABB: 0
